 @misc{melexis, title={Datasheet for MLX90614}, url={https://www.melexis.com/en/documents/documentation/datasheets/datasheet-mlx90614}, journal={Melexis}} 
 
@misc{false, title={MAX32664 Ultra-Low Power Biometric Sensor Hub: Maxim integrated}, url={https://www.maximintegrated.com/en/products/interface/signal-integrity/MAX32664.html}, journal={Ultra-Low Power Biometric Sensor Hub | Maxim Integrated} }

@article{Parnas1972a,
	Author = {David L. Parnas},
	Date-Added = {2016-10-28 03:55:43 +0000},
	Date-Modified = {2016-10-28 03:55:43 +0000},
	Journal = {Comm. ACM},
	Month = {December},
	Number = {2},
	Pages = {1053--1058},
	Title = {On the Criteria To Be Used in Decomposing Systems into Modules},
	Volume = {15},
	Year = {1972},
	Bdsk-File-1 = {YnBsaXN0MDDUAQIDBAUGJCVYJHZlcnNpb25YJG9iamVjdHNZJGFyY2hpdmVyVCR0b3ASAAGGoKgHCBMUFRYaIVUkbnVsbNMJCgsMDxJXTlMua2V5c1pOUy5vYmplY3RzViRjbGFzc6INDoACgAOiEBGABIAFgAdccmVsYXRpdmVQYXRoWWFsaWFzRGF0YV8QOS4uLy4uLy4uLy4uLy4uLy4uL1dvcmsvUmVzZWFyY2gvUmVmZXJlbmNlcy9QYXJuYXMxOTcyLnBkZtIXCxgZV05TLmRhdGFPEQGmAAAAAAGmAAIAAAxNYWNpbnRvc2ggSEQAAAAAAAAAAAAAAAAAAADOl3ODSCsAAAAXAgwOUGFybmFzMTk3Mi5wZGYAAAAAAAAAAAAAAAAAAAAAAAAAAAAAAAAAAAAAAAAAAAAAAAAAAAAAAAAAAAAAAAAAA3+xs9CaVP4AAAAAAAAAAAAGAAQAAAkgAAAAAAAAAAAAAAAAAAAAClJlZmVyZW5jZXMAEAAIAADOl6vDAAAAEQAIAADQmptOAAAAAQAUABcCDAAXAE0AFv3tAAj3ZgACZI4AAgBGTWFjaW50b3NoIEhEOlVzZXJzOgBzbWl0aHM6AFdvcms6AFJlc2VhcmNoOgBSZWZlcmVuY2VzOgBQYXJuYXMxOTcyLnBkZgAOAB4ADgBQAGEAcgBuAGEAcwAxADkANwAyAC4AcABkAGYADwAaAAwATQBhAGMAaQBuAHQAbwBzAGgAIABIAEQAEgA0VXNlcnMvc21pdGhzL1dvcmsvUmVzZWFyY2gvUmVmZXJlbmNlcy9QYXJuYXMxOTcyLnBkZgATAAEvAAAVAAIADf//AACABtIbHB0eWiRjbGFzc25hbWVYJGNsYXNzZXNdTlNNdXRhYmxlRGF0YaMdHyBWTlNEYXRhWE5TT2JqZWN00hscIiNcTlNEaWN0aW9uYXJ5oiIgXxAPTlNLZXllZEFyY2hpdmVy0SYnVHJvb3SAAQAIABEAGgAjAC0AMgA3AEAARgBNAFUAYABnAGoAbABuAHEAcwB1AHcAhACOAMoAzwDXAoECgwKIApMCnAKqAq4CtQK+AsMC0ALTAuUC6ALtAAAAAAAAAgEAAAAAAAAAKAAAAAAAAAAAAAAAAAAAAu8=}}

@inproceedings{ParnasEtAl1984,
	Author = {D.L. Parnas and P.C. Clement and D. M. Weiss},
	Booktitle = {International Conference on Software Engineering},
	Date-Added = {2016-10-28 03:55:23 +0000},
	Date-Modified = {2016-10-28 03:55:23 +0000},
	Pages = {408-419},
	Title = {The modular structure of complex systems},
	Year = {1984},
	Bdsk-File-1 = {YnBsaXN0MDDUAQIDBAUGJCVYJHZlcnNpb25YJG9iamVjdHNZJGFyY2hpdmVyVCR0b3ASAAGGoKgHCBMUFRYaIVUkbnVsbNMJCgsMDxJXTlMua2V5c1pOUy5vYmplY3RzViRjbGFzc6INDoACgAOiEBGABIAFgAdccmVsYXRpdmVQYXRoWWFsaWFzRGF0YV8QPy4uLy4uLy4uLy4uLy4uL3NlNHNjL1NjaUNvbXBBbmRTb2Z0RW5nUGFwZXJzL1Bhcm5hc0V0QWwxOTg0LnBkZtIXCxgZV05TLmRhdGFPEQHcAAAAAAHcAAIAAAxNYWNpbnRvc2ggSEQAAAAAAAAAAAAAAAAAAADOl3ODSCsAAAkx/Q0SUGFybmFzRXRBbDE5ODQucGRmAAAAAAAAAAAAAAAAAAAAAAAAAAAAAAAAAAAAAAAAAAAAAAAAAAAAAAAAAAAACTH9RNNvBNMAAAAAAAAAAAAFAAMAAAkgAAAAAAAAAAAAAAAAAAAAF1NjaUNvbXBBbmRTb2Z0RW5nUGFwZXJzAAAQAAgAAM6Xq8MAAAARAAgAANNvPRMAAAABABQJMf0NCTHuxwASFacACPdmAAJkjgACAFVNYWNpbnRvc2ggSEQ6VXNlcnM6AHNtaXRoczoAUmVwb3M6AHNlNHNjOgBTY2lDb21wQW5kU29mdEVuZ1BhcGVyczoAUGFybmFzRXRBbDE5ODQucGRmAAAOACYAEgBQAGEAcgBuAGEAcwBFAHQAQQBsADEAOQA4ADQALgBwAGQAZgAPABoADABNAGEAYwBpAG4AdABvAHMAaAAgAEgARAASAENVc2Vycy9zbWl0aHMvUmVwb3Mvc2U0c2MvU2NpQ29tcEFuZFNvZnRFbmdQYXBlcnMvUGFybmFzRXRBbDE5ODQucGRmAAATAAEvAAAVAAIADf//AACABtIbHB0eWiRjbGFzc25hbWVYJGNsYXNzZXNdTlNNdXRhYmxlRGF0YaMdHyBWTlNEYXRhWE5TT2JqZWN00hscIiNcTlNEaWN0aW9uYXJ5oiIgXxAPTlNLZXllZEFyY2hpdmVy0SYnVHJvb3SAAQAIABEAGgAjAC0AMgA3AEAARgBNAFUAYABnAGoAbABuAHEAcwB1AHcAhACOANAA1QDdAr0CvwLEAs8C2ALmAuoC8QL6Av8DDAMPAyEDJAMpAAAAAAAAAgEAAAAAAAAAKAAAAAAAAAAAAAAAAAAAAys=}}