@misc{bt1,
    author    = "W. Chen",
    title     = "Thermometry and interpretation of body temperature",
    url       = "https://www.ncbi.nlm.nih.gov/pmc/articles/PMC6431316/",
    howpublished = {\url{https://www.ncbi.nlm.nih.gov/pmc/articles/PMC6431316/}},
    note = {(accessed October 20 2021)} ,
}

@misc{bp1,
    author    = "D. Pendick",
    title     = "Some home blood pressure monitors aren’t accurate",
    howpublished = {\url{https://www.health.harvard.edu/blog/home-blood-pressure-monitors-arent-accurate-201410297494}},
    note = {(accessed October 20 2021)} ,
}

@misc{hr1,
    author    = "R. Shmerling",
    title     = "How’s your heart rate and why it matters?",
     howpublished = {\url{https://www.health.harvard.edu/heart-health/hows-your-heart-rate-and-why-it-matters}},
    note = {(accessed October 18 2021)} ,
    
}

@misc{hypothermia,
    author    = "CDC",
    title     = "Prevent Hypothermia \& Frostbite",
    url       = "https://www.cdc.gov/disasters/winter/staysafe/hypothermia.html",
    howpublished = {\url{https://www.cdc.gov/disasters/winter/staysafe/hypothermia.html}},
    note = {(accessed October 18 2021)} ,
}

@misc{heatstroke,
    author    = "Mayo Clinic Staff",
    title     = "Heat Stroke",
    url       = "https://www.mayoclinic.org/diseases-conditions/heat-stroke/symptoms-causes/syc-20353581",
    howpublished = {\url{https://www.mayoclinic.org/diseases-conditions/heat-stroke/symptoms-causes/syc-20353581}},
    note = {(accessed October 14 2021)} ,
}

@misc{responsetime1,
    author    = "M. Kupfer",
    title     = "For 2nd straight year, Ottawa paramedic response times fall short of benchmark",
    url       = "https://www.cbc.ca/news/canada/ottawa/ottawa-paramedic-response-times-2016-1.4261610",
    howpublished = {\url{https://www.cbc.ca/news/canada/ottawa/ottawa-paramedic-response-times-2016-1.4261610}},
    note = {(accessed October 20 2021)} ,
}

@misc{responsetime2,
    author    = "Niagara Region",
    title     = "Response Time Standards for Niagara Emergency Medical Services",
    url       = "https://www.niagararegion.ca/government/departments/health/ems-response-times.aspx",
    howpublished = {\url{https://www.niagararegion.ca/government/departments/health/ems-response-times.aspx}},
    note = {(accessed October 20 2021)} ,
}

@misc{responsetime3,
    author    = "Z. Ducklow",
    title     = "After a night of one-hour waits for ambulances, union goes public with concerns",
    url       = "https://www.vancouverislandfreedaily.com/news/after-a-night-of-one-hour-waits-for-ambulances-union-goes-public-with-concerns/",
    howpublished = {\url{https://www.vancouverislandfreedaily.com/news/after-a-night-of-one-hour-waits-for-ambulances-union-goes-public-with-concerns/}},
    note = {(accessed October 20 2021)} 
}

@misc{heartrate,
    author    = "B. Nelson and N. Allen",
    title     = "Accuracy of Consumer Wearable Heart Rate Measurement During an Ecologically Valid 24-Hour Period: Intraindividual Validation Study",
    url       = "https://mhealth.jmir.org/2019/3/e10828",
    howpublished = {\url{https://mhealth.jmir.org/2019/3/e10828}},
    note = {(accessed October 20 2021)} 
}

@misc{sensor,
    author    = "D. Jost",
    title     = "What is a sensor?",
    url       = "https://www.fierceelectronics.com/sensors/what-a-sensor#:~:text=is\%20a\%20sensor\%3F-,A\%20sensor\%20is\%20a\%20device\%20that\%20measures\%20physical\%20input\%20from,thermometer\%2C\%20which\%20presents\%20visual\%20data.",
    howpublished = {\url{https://www.fierceelectronics.com/sensors/what-a-sensor#:~:text=is\%20a\%20sensor\%3F-,A\%20sensor\%20is\%20a\%20device\%20that\%20measures\%20physical\%20input\%20from,thermometer\%2C\%20which\%20presents\%20visual\%20data.}},
    note = {(accessed October 20 2021)} 
}

@misc{sja,
    author    = "St. John Ambulance",
    title     = "First Aid Training and Certification",
    url       = "https://www.sja.ca/en/first-aid-training",
    howpublished = {\url{https://www.sja.ca/en/first-aid-training}},
    note = {(accessed October 20 2021)} 
}

@misc{redcross,
    author    = "American Red Cross",
    title     = "Adult First Aid/CPR/AED",
    url       = "https://www.redcross.org/take-a-class/classes/adult-first-aid\%2Fcpr\%2Faed/LP-00014200.html",
    howpublished = {\url{https://www.redcross.org/take-a-class/classes/adult-first-aid\%2Fcpr\%2Faed/LP-00014200.html}},
    note = {(accessed October 20 2021)} 
}

@misc{shock,
    author    = "Victorian Government Health Authority",
    title     = "Shock",
    url       = "https://www.redcross.org/take-a-class/classes/adult-first-aid\%2Fcpr\%2Faed/LP-00014200.html",
    howpublished = {\url{https://www.betterhealth.vic.gov.au/health/conditionsandtreatments/shock}},
    note = {(accessed October 20 2021)} 
}

@misc{cpr_survival,
    author    = "K. Englehart",
    title     = "The heart of the matter",
    url       = "https://www.redcross.org/take-a-class/classes/adult-first-aid\%2Fcpr\%2Faed/LP-00014200.html",
    howpublished = {\url{https://www.macleans.ca/society/health/the-heart-of-the-matter/}},
    note = {(accessed October 20 2021)} 
}