@online{bg1,
    author    = "R. Van der Bel",
    title     = "A modified device for continuous non-invasive blood pressure measurements in humans under hyperbaric and/or oxygen-enriched conditions",
    url       = "https://www.researchgate.net/publication/299469821_A_modified_device_for_continuous_non-invasive_blood_pressure_measurements_in_humans_under_hyperbaric_andor_oxygen-enriched_conditions",
    note = {(accessed December 02 2021)} ,
}
@online{bg2,
    author    = "FDA",
    title     = "Class 2 Device Recall Finapres Portapres Ambulatory Continuous NonInvasive Blood Pressure Monitor",
    url       = "https://www.accessdata.fda.gov/scripts/cdrh/cfdocs/cfres/res.cfm?id=110979#3",
    note = {(accessed December 2 2021)} ,
}
@online{bg3,
    author    = "FDA",
    title     = "DE NOVO CLASSIFICATION REQUEST FOR ECG APP",
    url       = "https://www.accessdata.fda.gov/cdrh_docs/reviews/DEN180044.pdf",
    note = {(accessed December 2 2021)} ,
}
@online{bg4,
    author    = "FDA",
    title     = "DE NOVO CLASSIFICATION REQUEST FOR IRREGULAR RHYTHM NOTIFICATION FEATURE",
    url       = "https://www.accessdata.fda.gov/cdrh_docs/reviews/DEN180042.pdf",
    note = {(accessed December 2 2021)} ,
}